<record><leader>00000cas a22000007a 4500</leader><controlfield tag="001">14265301</controlfield><controlfield tag="008">860925u1931uuuutxuwr ne      0    0eng d</controlfield><controlfield tag="009">6576</controlfield><datafield ind1=" " ind2=" " tag="010"><subfield code="a">sn 86089163 </subfield></datafield><datafield ind1=" " ind2=" " tag="040"><subfield code="a">PPM</subfield><subfield code="b">eng</subfield><subfield code="c">PPM</subfield><subfield code="d">DLC</subfield></datafield><datafield ind1="1" ind2=" " tag="029"><subfield code="a">AU@</subfield><subfield code="b">000025839179</subfield></datafield><datafield ind1=" " ind2=" " tag="042"><subfield code="a">msc</subfield></datafield><datafield ind1="0" ind2=" " tag="130"><subfield code="a">Hamilton County news (Hamilton, Tex. : 1931)</subfield></datafield><datafield ind1="0" ind2="4" tag="245"><subfield code="a">The Hamilton County news.</subfield></datafield><datafield ind1=" " ind2=" " tag="260"><subfield code="a">Hamilton, Tex. :</subfield><subfield code="b">Charles Kellum,</subfield></datafield><datafield ind1=" " ind2=" " tag="300"><subfield code="a">v. :</subfield><subfield code="b">ill.</subfield></datafield><datafield ind1=" " ind2=" " tag="310"><subfield code="a">Weekly</subfield></datafield><datafield ind1="0" ind2=" " tag="362"><subfield code="a">Vol. 1, no. 1 (May 1, 1931)-</subfield></datafield><datafield ind1=" " ind2=" " tag="752"><subfield code="a">United States</subfield><subfield code="b">Texas</subfield><subfield code="c">Hamilton</subfield><subfield code="d">Hamilton.</subfield></datafield><datafield ind1="0" ind2="7" tag="785"><subfield code="t">Hamilton herald and record</subfield><subfield code="w">(OCoLC)15063655</subfield></datafield><datafield ind1="0" ind2="7" tag="785"><subfield code="t">Hamilton herald-news</subfield><subfield code="w">(OCoLC)14702701</subfield></datafield></record>